@article{mnih2015humanlevel,
  added-at = {2015-08-26T14:46:40.000+0200},
  author = {Mnih, Volodymyr and Kavukcuoglu, Koray and Silver, David and Rusu, Andrei A. and Veness, Joel and Bellemare, Marc G. and Graves, Alex and Riedmiller, Martin and Fidjeland, Andreas K. and Ostrovski, Georg and Petersen, Stig and Beattie, Charles and Sadik, Amir and Antonoglou, Ioannis and King, Helen and Kumaran, Dharshan and Wierstra, Daan and Legg, Shane and Hassabis, Demis},
  biburl = {https://www.bibsonomy.org/bibtex/2fb15f4471c81dc2b9edf2304cb2f7083/hotho},
  description = {Human-level control through deep reinforcement learning - nature14236.pdf},
  interhash = {eac59980357d99db87b341b61ef6645f},
  intrahash = {fb15f4471c81dc2b9edf2304cb2f7083},
  issn = {00280836},
  journal = {Nature},
  keywords = {deep learning toread},
  month = feb,
  number = 7540,
  pages = {529--533},
  publisher = {Nature Publishing Group, a division of Macmillan Publishers Limited. All Rights Reserved.},
  timestamp = {2015-08-26T14:46:40.000+0200},
  title = {Human-level control through deep reinforcement learning},
  url = {http://dx.doi.org/10.1038/nature14236},
  volume = 518,
  year = 2015
}

@inproceedings{Hasselt2016,
 author = {Hasselt, Hado van and Guez, Arthur and Silver, David},
 title = {Deep Reinforcement Learning with Double Q-Learning},
 booktitle = {Proceedings of the Thirtieth AAAI Conference on Artificial Intelligence},
 series = {AAAI'16},
 year = {2016},
 location = {Phoenix, Arizona},
 pages = {2094--2100},
 numpages = {7},
 url = {http://dl.acm.org/citation.cfm?id=3016100.3016191},
 acmid = {3016191},
 publisher = {AAAI Press},
} 

@inproceedings{Wang2016,
 author = {Wang, Ziyu and Schaul, Tom and Hessel, Matteo and Van Hasselt, Hado and Lanctot, Marc and De Freitas, Nando},
 title = {Dueling Network Architectures for Deep Reinforcement Learning},
 booktitle = {Proceedings of the 33rd International Conference on International Conference on Machine Learning - Volume 48},
 series = {ICML'16},
 year = {2016},
 location = {New York, NY, USA},
 pages = {1995--2003},
 numpages = {9},
 url = {http://dl.acm.org/citation.cfm?id=3045390.3045601},
 acmid = {3045601},
 publisher = {JMLR.org},
} 


@article{BellemareDM17,
  author    = {Marc G. Bellemare and
               Will Dabney and
               R{\'{e}}mi Munos},
  title     = {A Distributional Perspective on Reinforcement Learning},
  journal   = {CoRR},
  volume    = {abs/1707.06887},
  year      = {2017},
  url       = {http://arxiv.org/abs/1707.06887},
  archivePrefix = {arXiv},
  eprint    = {1707.06887},
  timestamp = {Mon, 13 Aug 2018 16:48:34 +0200},
  biburl    = {https://dblp.org/rec/bib/journals/corr/BellemareDM17},
  bibsource = {dblp computer science bibliography, https://dblp.org}
}

@article{DBLP:journals/corr/abs-1710-02298,
  author    = {Matteo Hessel and
               Joseph Modayil and
               Hado van Hasselt and
               Tom Schaul and
               Georg Ostrovski and
               Will Dabney and
               Daniel Horgan and
               Bilal Piot and
               Mohammad Gheshlaghi Azar and
               David Silver},
  title     = {Rainbow: Combining Improvements in Deep Reinforcement Learning},
  journal   = {CoRR},
  volume    = {abs/1710.02298},
  year      = {2017},
  url       = {http://arxiv.org/abs/1710.02298},
  archivePrefix = {arXiv},
  eprint    = {1710.02298},
  timestamp = {Mon, 13 Aug 2018 16:48:05 +0200},
  biburl    = {https://dblp.org/rec/bib/journals/corr/abs-1710-02298},
  bibsource = {dblp computer science bibliography, https://dblp.org}
}

